
@misc{atmega328pPage,
	title="{Atmega328p Product page}",
	howpublished = {\url{https://www.microchip.com/wwwproducts/en/ATmega328p}},
}

@misc{atmega328datasheet,
	title="{Atmega328p Datasheet}",
	howpublished = {\url{http://ww1.microchip.com/downloads/en/DeviceDoc/Atmel-7810-Automotive-Microcontrollers-ATmega328P_Datasheet.pdf}},
}

@misc{toolChain,
	title ="{Tool Chain Overview}",
	howpublished ={ \url{https://www.nongnu.org/avr-libc/user-manual/overview.html}
	}
}
@misc{compilerOptimize,
	title ="{Compiler Optimize Options}",
	howpublished ={ \url{https://gcc.gnu.org/onlinedocs/gcc/Optimize-Options.html}
	}
}
@misc{avrgccman,
	title ="{Linux avr-gcc Man page}",
	howpublished ={ \url{https://linux.die.net/man/1/avr-gcc}
	}

}
@misc{avrdude,
	title ="{AVRDUDE}",
	howpublished ={ \url{https://www.nongnu.org/avrdude/user-manual/avrdude.html}
	}
}
@misc{alsosee,
	title ="{AVR rogramming}",
	howpublished ={\url{https://ccrma.stanford.edu/wiki/AVR_Programming}
	}
}

